@article{dexseq,
  title={Detecting differential usage of exons from RNA-seq data},
  author={Anders, Simon and Reyes, Alejandro and Huber, Wolfgang},
  journal={Nature Precedings},
  pages={1--1},
  year={2012},
  publisher={Nature Publishing Group}
}

@article{dexseq_2,
  title={Drift and conservation of differential exon usage across tissues in primate species},
  author={Reyes, Alejandro and Anders, Simon and Weatheritt, Robert J and Gibson, Toby J and Steinmetz, Lars M and Huber, Wolfgang},
  journal={Proceedings of the National Academy of Sciences},
  volume={110},
  number={38},
  pages={15377--15382},
  year={2013},
  publisher={National Acad Sciences}
}

@article{bioconductor,
  title={Bioconductor: open software development for computational biology and bioinformatics},
  author={Gentleman, Robert C and Carey, Vincent J and Bates, Douglas M and Bolstad, Ben and Dettling, Marcel and Dudoit, Sandrine and Ellis, Byron and Gautier, Laurent and Ge, Yongchao and Gentry, Jeff and others},
  journal={Genome biology},
  volume={5},
  number={10},
  pages={1--16},
  year={2004},
  publisher={Springer}
}

@article{star,
  title={STAR: ultrafast universal RNA-seq aligner},
  author={Dobin, Alexander and Davis, Carrie A and Schlesinger, Felix and Drenkow, Jorg and Zaleski, Chris and Jha, Sonali and Batut, Philippe and Chaisson, Mark and Gingeras, Thomas R},
  journal={Bioinformatics},
  volume={29},
  number={1},
  pages={15--21},
  year={2013},
  publisher={Oxford University Press}
}

@article{galaxy,
  title={The Galaxy platform for accessible, reproducible and collaborative biomedical analyses: 2022 update},
  author={Community, The Galaxy},
  journal={Nucleic Acids Research},
  volume={50},
  number={W1},
  pages={W345},
  year={2022},
  publisher={Oxford University Press}
}

@article{genome,
  title={The chromosome-scale reference genome of black pepper provides insight into piperine biosynthesis},
  author={Hu, Lisong and Xu, Zhongping and Wang, Maojun and Fan, Rui and Yuan, Daojun and Wu, Baoduo and Wu, Huasong and Qin, Xiaowei and Yan, Lin and Tan, Lehe and others},
  journal={Nature communications},
  volume={10},
  number={1},
  pages={1--11},
  year={2019},
  publisher={Nature Publishing Group}
}

@article{kofamkoala,
  title={KofamKOALA: KEGG Ortholog assignment based on profile HMM and adaptive score threshold},
  author={Aramaki, Takuya and Blanc-Mathieu, Romain and Endo, Hisashi and Ohkubo, Koichi and Kanehisa, Minoru and Goto, Susumu and Ogata, Hiroyuki},
  journal={Bioinformatics},
  volume={36},
  number={7},
  pages={2251--2252},
  year={2020},
  publisher={Oxford University Press}
}

@article{swiss,
  title={SWISS-MODEL: homology modelling of protein structures and complexes},
  author={Waterhouse, Andrew and Bertoni, Martino and Bienert, Stefan and Studer, Gabriel and Tauriello, Gerardo and Gumienny, Rafal and Heer, Florian T and de Beer, Tjaart A P and Rempfer, Christine and Bordoli, Lorenza and others},
  journal={Nucleic acids research},
  volume={46},
  number={W1},
  pages={W296--W303},
  year={2018},
  publisher={Oxford University Press}
}

@article{qmeandisco_swiss,
  title={QMEANDisCoâ€”distance constraints applied on model quality estimation},
  author={Studer, Gabriel and Rempfer, Christine and Waterhouse, Andrew M and Gumienny, Rafal and Haas, Juergen and Schwede, Torsten},
  journal={Bioinformatics},
  volume={36},
  number={6},
  pages={1765--1771},
  year={2020},
  publisher={Oxford University Press}
}

@article{quaternary_swiss,
  title={Modeling protein quaternary structure of homo-and hetero-oligomers beyond binary interactions by homology},
  author={Bertoni, Martino and Kiefer, Florian and Biasini, Marco and Bordoli, Lorenza and Schwede, Torsten},
  journal={Scientific reports},
  volume={7},
  number={1},
  pages={1--15},
  year={2017},
  publisher={Nature Publishing Group}
}

@article{hhblits,
  title={HHblits: lightning-fast iterative protein sequence searching by HMM-HMM alignment},
  author={Remmert, Michael and Biegert, Andreas and Hauser, Andreas and S{\"o}ding, Johannes},
  journal={Nature methods},
  volume={9},
  number={2},
  pages={173--175},
  year={2012},
  publisher={Nature Publishing Group}
}

@article{chimera,
  title={UCSF ChimeraX: Structure visualization for researchers, educators, and developers},
  author={Pettersen, Eric F and Goddard, Thomas D and Huang, Conrad C and Meng, Elaine C and Couch, Gregory S and Croll, Tristan I and Morris, John H and Ferrin, Thomas E},
  journal={Protein Science},
  volume={30},
  number={1},
  pages={70--82},
  year={2021},
  publisher={Wiley Online Library}
}

@article{chimera_2,
  title={UCSF ChimeraX: Meeting modern challenges in visualization and analysis},
  author={Goddard, Thomas D and Huang, Conrad C and Meng, Elaine C and Pettersen, Eric F and Couch, Gregory S and Morris, John H and Ferrin, Thomas E},
  journal={Protein Science},
  volume={27},
  number={1},
  pages={14--25},
  year={2018},
  publisher={Wiley Online Library}
}

@article{am1_bcc,
  title={Fast, efficient generation of high-quality atomic charges. AM1-BCC model: I. Method},
  author={Jakalian, Araz and Bush, Bruce L and Jack, David B and Bayly, Christopher I},
  journal={Journal of computational chemistry},
  volume={21},
  number={2},
  pages={132--146},
  year={2000},
  publisher={Wiley Online Library}
}

@article{am1_bcc_2,
  title={Fast, efficient generation of high-quality atomic charges. AM1-BCC model: II. Parameterization and validation},
  author={Jakalian, Araz and Jack, David B and Bayly, Christopher I},
  journal={Journal of computational chemistry},
  volume={23},
  number={16},
  pages={1623--1641},
  year={2002},
  publisher={Wiley Online Library}
}

@article{am1_bcc_3,
  title={The effect of different electrostatic potentials on docking accuracy: a case study using DOCK5. 4},
  author={Tsai, Keng-Chang and Wang, Sheng-Hung and Hsiao, Nai-Wan and Li, Minyong and Wang, Binghe},
  journal={Bioorganic \& medicinal chemistry letters},
  volume={18},
  number={12},
  pages={3509--3512},
  year={2008},
  publisher={Elsevier}
}

@article{rdkit,
  title={RDKit: A software suite for cheminformatics, computational chemistry, and predictive modeling},
  author={Landrum, Greg and others},
  journal={Greg Landrum},
  year={2013}
}

@article{rdkit_mmff,
  title={Bringing the MMFF force field to the RDKit: implementation and validation},
  author={Tosco, Paolo and Stiefl, Nikolaus and Landrum, Gregory},
  journal={Journal of cheminformatics},
  volume={6},
  number={1},
  pages={1--4},
  year={2014},
  publisher={Springer}
}

@article{adt,
  title={AutoDock4 and AutoDockTools4: Automated docking with selective receptor flexibility},
  author={Morris, Garrett M and Huey, Ruth and Lindstrom, William and Sanner, Michel F and Belew, Richard K and Goodsell, David S and Olson, Arthur J},
  journal={Journal of computational chemistry},
  volume={30},
  number={16},
  pages={2785--2791},
  year={2009},
  publisher={Wiley Online Library}
}

@article{vina,
  title={AutoDock Vina 1.2. 0: New docking methods, expanded force field, and python bindings},
  author={Eberhardt, Jerome and Santos-Martins, Diogo and Tillack, Andreas F and Forli, Stefano},
  journal={Journal of Chemical Information and Modeling},
  volume={61},
  number={8},
  pages={3891--3898},
  year={2021},
  publisher={ACS Publications}
}

@article{vina_2,
  title={AutoDock Vina: improving the speed and accuracy of docking with a new scoring function, efficient optimization, and multithreading},
  author={Trott, Oleg and Olson, Arthur J},
  journal={Journal of computational chemistry},
  volume={31},
  number={2},
  pages={455--461},
  year={2010},
  publisher={Wiley Online Library}
}

@article{cdd,
  title={CDD/SPARCLE: the conserved domain database in 2020},
  author={Lu, Shennan and Wang, Jiyao and Chitsaz, Farideh and Derbyshire, Myra K and Geer, Renata C and Gonzales, Noreen R and Gwadz, Marc and Hurwitz, David I and Marchler, Gabriele H and Song, James S and others},
  journal={Nucleic acids research},
  volume={48},
  number={D1},
  pages={D265--D268},
  year={2020},
  publisher={Oxford University Press}
}

@article{cdd_2,
  title={CDD: NCBI's conserved domain database},
  author={Marchler-Bauer, Aron and Derbyshire, Myra K and Gonzales, Noreen R and Lu, Shennan and Chitsaz, Farideh and Geer, Lewis Y and Geer, Renata C and He, Jane and Gwadz, Marc and Hurwitz, David I and others},
  journal={Nucleic acids research},
  volume={43},
  number={D1},
  pages={D222--D226},
  year={2015},
  publisher={Oxford University Press}
}

@article{castp,
  title={CASTp 3.0: computed atlas of surface topography of proteins},
  author={Tian, Wei and Chen, Chang and Lei, Xue and Zhao, Jieling and Liang, Jie},
  journal={Nucleic acids research},
  volume={46},
  number={W1},
  pages={W363--W367},
  year={2018},
  publisher={Oxford University Press}
}

@article{hbond,
  title={Three-dimensional hydrogen-bond geometry and probability information from a crystal survey},
  author={Mills, JEJ and Dean, Philip M.},
  journal={Journal of computer-aided molecular design},
  volume={10},
  number={6},
  pages={607--622},
  year={1996},
  publisher={Springer}
}

@article{sequential,
  title={Multiple ligand docking by Glide: implications for virtual second-site screening},
  author={Vass, M{\'a}rton and Tarcsay, {\'A}kos and Keser{\H{u}}, Gy{\"o}rgy M},
  journal={Journal of computer-aided molecular design},
  volume={26},
  number={7},
  pages={821--834},
  year={2012},
  publisher={Springer}
}

@article{cinnamate_oxygenase,
  title={Structure and function of the cytochrome P450 monooxygenase cinnamate 4-hydroxylase from sorghum bicolor},
  author={Zhang, Bixia and Lewis, Kevin M and Abril, Alejandra and Davydov, Dmitri R and Vermerris, Wilfred and Sattler, Scott E and Kang, ChulHee},
  journal={Plant physiology},
  volume={183},
  number={3},
  pages={957--973},
  year={2020},
  publisher={American Society of Plant Biologists}
}

@article{muscle,
  title={MUSCLE: multiple sequence alignment with high accuracy and high throughput},
  author={Edgar, Robert C},
  journal={Nucleic acids research},
  volume={32},
  number={5},
  pages={1792--1797},
  year={2004},
  publisher={Oxford University Press}
}

@article{blastp,
  title={Gapped BLAST and PSI-BLAST: a new generation of protein database search programs},
  author={Altschul, Stephen F and Madden, Thomas L and Sch{\"a}ffer, Alejandro A and Zhang, Jinghui and Zhang, Zheng and Miller, Webb and Lipman, David J},
  journal={Nucleic acids research},
  volume={25},
  number={17},
  pages={3389--3402},
  year={1997},
  publisher={Oxford University Press}
}

@article{blastp_2,
  title={Protein database searches using compositionally adjusted substitution matrices},
  author={Altschul, Stephen F and Wootton, John C and Gertz, E Michael and Agarwala, Richa and Morgulis, Aleksandr and Sch{\"a}ffer, Alejandro A and Yu, Yi-Kuo},
  journal={The FEBS journal},
  volume={272},
  number={20},
  pages={5101--5109},
  year={2005},
  publisher={Wiley Online Library}
}

@article{mega11,
  title={MEGA11: molecular evolutionary genetics analysis version 11},
  author={Tamura, Koichiro and Stecher, Glen and Kumar, Sudhir},
  journal={Molecular biology and evolution},
  volume={38},
  number={7},
  pages={3022--3027},
  year={2021},
  publisher={Oxford University Press}
}

@article{mrbayes,
  title={MrBayes 3.2: efficient Bayesian phylogenetic inference and model choice across a large model space},
  author={Ronquist, Fredrik and Teslenko, Maxim and Van Der Mark, Paul and Ayres, Daniel L and Darling, Aaron and H{\"o}hna, Sebastian and Larget, Bret and Liu, Liang and Suchard, Marc A and Huelsenbeck, John P},
  journal={Systematic biology},
  volume={61},
  number={3},
  pages={539--542},
  year={2012},
  publisher={Oxford University Press}
}

@inproceedings{cipres,
  title={The CIPRES science gateway: a community resource for phylogenetic analyses},
  author={Miller, Mark A and Pfeiffer, Wayne and Schwartz, Terri},
  booktitle={Proceedings of the 2011 TeraGrid Conference: extreme digital discovery},
  pages={1--8},
  year={2011}
}

@article{tracer,
  title={Posterior summarization in Bayesian phylogenetics using Tracer 1.7},
  author={Rambaut, Andrew and Drummond, Alexei J and Xie, Dong and Baele, Guy and Suchard, Marc A},
  journal={Systematic biology},
  volume={67},
  number={5},
  pages={901--904},
  year={2018},
  publisher={Oxford University Press}
}

@article{caff,
  title={Structural basis for the modulation of lignin monomer methylation by caffeic acid/5-hydroxyferulic acid 3/5-O-methyltransferase},
  author={Zubieta, Chloe and Kota, Parvathi and Ferrer, Jean-Luc and Dixon, Richard A and Noel, Joseph P},
  journal={The Plant Cell},
  volume={14},
  number={6},
  pages={1265--1277},
  year={2002},
  publisher={American Society of Plant Biologists}
}

@article{alphafold,
  title={Highly accurate protein structure prediction with AlphaFold},
  author={Jumper, John and Evans, Richard and Pritzel, Alexander and Green, Tim and Figurnov, Michael and Ronneberger, Olaf and Tunyasuvunakool, Kathryn and Bates, Russ and {\v{Z}}{\'\i}dek, Augustin and Potapenko, Anna and others},
  journal={Nature},
  volume={596},
  number={7873},
  pages={583--589},
  year={2021},
  publisher={Nature Publishing Group}
}

@article{colabfold,
  title={ColabFold: making protein folding accessible to all},
  author={Mirdita, Milot and Sch{\"u}tze, Konstantin and Moriwaki, Yoshitaka and Heo, Lim and Ovchinnikov, Sergey and Steinegger, Martin},
  journal={Nature Methods},
  pages={1--4},
  year={2022},
  publisher={Nature Publishing Group}
}

@article{lddt,
  title={lDDT: a local superposition-free score for comparing protein structures and models using distance difference tests},
  author={Mariani, Valerio and Biasini, Marco and Barbato, Alessandro and Schwede, Torsten},
  journal={Bioinformatics},
  volume={29},
  number={21},
  pages={2722--2728},
  year={2013},
  publisher={Oxford University Press}
}

@article{methylenedioxy,
  title={Piper nigrum CYP719A37 catalyzes the decisive methylenedioxy bridge formation in piperine biosynthesis},
  author={Schnabel, Arianne and Cotinguiba, Fernando and Athmer, Benedikt and Vogt, Thomas},
  journal={Plants},
  volume={10},
  number={1},
  pages={128},
  year={2021},
  publisher={MDPI}
}

@article{coaligase,
  title={A piperic acid CoA ligase produces a putative precursor of piperine, the pungent principle from black pepper fruits},
  author={Schnabel, Arianne and Cotinguiba, Fernando and Athmer, Benedikt and Yang, Changqing and Westermann, Bernhard and Schaks, Angela and Porzel, Andrea and Brandt, Wolfgang and Schumacher, Frank and Vogt, Thomas},
  journal={The Plant Journal},
  volume={102},
  number={3},
  pages={569--581},
  year={2020},
  publisher={Wiley Online Library}
}

@article{pipsynthase,
  title={Identification and characterization of piperine synthase from black pepper, Piper nigrum L.},
  author={Schnabel, Arianne and Athmer, Benedikt and Manke, Kerstin and Schumacher, Frank and Cotinguiba, Fernando and Vogt, Thomas},
  journal={Communications biology},
  volume={4},
  number={1},
  pages={1--10},
  year={2021},
  publisher={Nature Publishing Group}
}

@article{obabel,
  title={Open Babel: An open chemical toolbox},
  author={O'Boyle, Noel M and Banck, Michael and James, Craig A and Morley, Chris and Vandermeersch, Tim and Hutchison, Geoffrey R},
  journal={Journal of cheminformatics},
  volume={3},
  number={1},
  pages={1--14},
  year={2011},
  publisher={BioMed Central}
}

@article{krivak2018p2rank,
  title={P2Rank: machine learning based tool for rapid and accurate prediction of ligand binding sites from protein structure},
  author={Kriv{\'a}k, Radoslav and Hoksza, David},
  journal={Journal of cheminformatics},
  volume={10},
  number={1},
  pages={1--12},
  year={2018},
  publisher={BioMed Central}
}

@article{gough2001assignment,
  title={Assignment of homology to genome sequences using a library of hidden Markov models that represent all proteins of known structure},
  author={Gough, Julian and Karplus, Kevin and Hughey, Richard and Chothia, Cyrus},
  journal={Journal of molecular biology},
  volume={313},
  number={4},
  pages={903--919},
  year={2001},
  publisher={Elsevier}
}

@article{pandurangan2019superfamily,
  title={The SUPERFAMILY 2.0 database: a significant proteome update and a new webserver},
  author={Pandurangan, Arun Prasad and Stahlhacke, Jonathan and Oates, Matt E and Smithers, Ben and Gough, Julian},
  journal={Nucleic acids research},
  volume={47},
  number={D1},
  pages={D490--D494},
  year={2019},
  publisher={Oxford University Press}
}

@article{wall2007planttribes,
  title={PlantTribes: a gene and gene family resource for comparative genomics in plants},
  author={Wall, P Kerr and Leebens-Mack, Jim and M{\"u}ller, Kai F and Field, Dawn and Altman, Naomi S and Depamphilis, Claude W},
  journal={Nucleic acids research},
  volume={36},
  number={suppl\_1},
  pages={D970--D976},
  year={2007},
  publisher={Oxford University Press}
}

@article{goto2005crystal,
  title={Crystal structures of $\Delta$1-piperideine-2-carboxylate/$\Delta$1-pyrroline-2-carboxylate reductase belonging to a new family of NAD (P) H-dependent oxidoreductases: conformational change, substrate recognition, and stereochemistry of the reaction},
  author={Goto, Masaru and Muramatsu, Hisashi and Mihara, Hisaaki and Kurihara, Tatsuo and Esaki, Nobuyoshi and Omi, Rie and Miyahara, Ikuko and Hirotsu, Ken},
  journal={Journal of Biological Chemistry},
  volume={280},
  number={49},
  pages={40875--40884},
  year={2005},
  publisher={ASBMB}
}